<?xml version="1.0" encoding="UTF-8"?><collection xmlns="http://www.loc.gov/MARC21/slim"><record><leader>00386nam--2200133-i-4500</leader><controlfield tag="001">000002091</controlfield><controlfield tag="002">20161230</controlfield><controlfield tag="005">20161230201024</controlfield><controlfield tag="008">060222s1000------------r-----000-0-eng-d</controlfield><datafield ind1=" " ind2=" " tag="080"><subfield code="a">530.12:[529.1+115]</subfield></datafield><datafield ind1=" " ind2=" " tag="100"><subfield code="a">Esclangon, Ernest</subfield></datafield><datafield ind1=" " ind2=" " tag="245"><subfield code="a">La notion de temps.temps physique et relativite.la dynamique du point materiel</subfield></datafield><datafield ind1=" " ind2=" " tag="260"><subfield code="a">Paris, Gauthier-villars, 1938. 77 P</subfield></datafield><datafield ind1=" " ind2=" " tag="852"><subfield code="a">1704</subfield></datafield></record></collection>